@book{knuth2014art,
  title={Art of computer programming, volume 2: Seminumerical algorithms},
  author={Knuth, Donald E},
  year={2014},
  publisher={Addison-Wesley Professional}
}

@inproceedings{quisquater1989easy,
  title={How easy is collision search? Application to DES},
  author={Quisquater, Jean-Jacques and Delescaille, Jean-Paul},
  booktitle={Workshop on the Theory and Application of of Cryptographic Techniques},
  pages={429--434},
  year={1989},
  organization={Springer}
}

@article{van1987efficient,
  title={Efficient loop detection in Prolog using the tortoise-and-hare technique},
  author={Van Gelder, Allen},
  journal={The Journal of Logic Programming},
  volume={4},
  number={1},
  pages={23--31},
  year={1987},
  publisher={Elsevier}
}

@inproceedings{fich1981lower,
  title={Lower bounds for the cycle detection problem},
  author={Fich, Faith E},
  booktitle={Proceedings of the thirteenth annual ACM symposium on Theory of computing},
  pages={96--105},
  year={1981}
}

@inproceedings{auguston1997assertions,
  title={Assertions for Dynamic Shape Analysis of List Data Structures},
  author={Auguston, Mikhail and Hon, Miu Har},
  booktitle={Proceedings of the 3rd International Workshop on Automatic Debugging; 1997 (AADEBUG-97)},
  number={001},
  pages={37--42},
  year={1997},
  organization={Link{\"o}ping University Electronic Press}
}

@book{bryant2003computer,
  title={Computer systems: a programmer's perspective},
  author={Bryant, Randal E and David Richard, O'Hallaron and David Richard, O'Hallaron},
  volume={2},
  year={2003},
  publisher={Prentice Hall Upper Saddle River}
}

@book{cormen2009introduction,
  title={Introduction to algorithms},
  author={Cormen, Thomas H and Leiserson, Charles E and Rivest, Ronald L and Stein, Clifford},
  year={2009},
  publisher={MIT press}
}